@article {Knudsen,
AUTHOR = {Knudsen, Ben},
     TITLE = {Higher enveloping algebras},
   JOURNAL = {Geom. Topol.},
  FJOURNAL = {Geometry \& Topology},
    VOLUME = {22},
      YEAR = {2018},
    NUMBER = {7},
     PAGES = {4013--4066},
      ISSN = {1465-3060},
   MRCLASS = {17B35 (55P35 55P48 55R80)},
  MRNUMBER = {3890770},
       DOI = {10.2140/gt.2018.22.4013},
       URL = {https://doi.org/10.2140/gt.2018.22.4013},
}

@unpublished {LurieHA,
    AUTHOR = {Lurie, Jacob},
     TITLE = {Higher {A}lgebra},
NOTE = {available at \url{http://www.math.harvard.edu/~lurie/papers/higheralgebra.pdf}},
}

@article {FrancisHH,
    AUTHOR = {Francis, John},
     TITLE = {The tangent complex and {H}ochschild cohomology of {$E_n$}-rings},
   JOURNAL = {Compos. Math.},
  FJOURNAL = {Compositio Mathematica},
    VOLUME = {149},
      YEAR = {2013},
    NUMBER = {3},
     PAGES = {430--480},
      ISSN = {0010-437X},
   MRCLASS = {14B12 (14F43 18D50 18G55 55N35)},
  MRNUMBER = {3040746},
MRREVIEWER = {Arvid Siqveland},
       DOI = {10.1112/S0010437X12000140},
       URL = {https://doi.org/10.1112/S0010437X12000140},
}

@book {LodayCyclic,
    AUTHOR = {Loday, Jean-Louis},
     TITLE = {Cyclic homology},
    SERIES = {Grundlehren der Mathematischen Wissenschaften [Fundamental
              Principles of Mathematical Sciences]},
    VOLUME = {301},
   EDITION = {Second},
      NOTE = {Appendix E by Mar\'{i}a O. Ronco,
              Chapter 13 by the author in collaboration with Teimuraz
              Pirashvili},
 PUBLISHER = {Springer-Verlag, Berlin},
      YEAR = {1998},
     PAGES = {xx+513},
      ISBN = {3-540-63074-0},
   MRCLASS = {16E40 (13D03 17B55 18G60 19D55)},
  MRNUMBER = {1600246},
       DOI = {10.1007/978-3-662-11389-9},
       URL = {https://doi-org.ezproxy.neu.edu/10.1007/978-3-662-11389-9},
}

@book {BD,
    AUTHOR = {Beilinson, Alexander and Drinfeld, Vladimir},
     TITLE = {Chiral algebras},
    SERIES = {American Mathematical Society Colloquium Publications},
    VOLUME = {51},
 PUBLISHER = {American Mathematical Society},
   ADDRESS = {Providence, RI},
      YEAR = {2004},
     PAGES = {vi+375},
      ISBN = {0-8218-3528-9},
   MRCLASS = {17Bxx (14F43)},
  MRNUMBER = {2058353 (2005d:17007)},
MRREVIEWER = {Francisco J. Plaza Mart{\'{\i}}n},
}

@article {AF,
    AUTHOR = {Ayala, David and Francis, John},
     TITLE = {Factorization homology of topological manifolds},
   JOURNAL = {J. Topol.},
  FJOURNAL = {Journal of Topology},
    VOLUME = {8},
      YEAR = {2015},
    NUMBER = {4},
     PAGES = {1045--1084},
      ISSN = {1753-8416},
   MRCLASS = {57R56 (55U40 57N35)},
  MRNUMBER = {3431668},
       DOI = {10.1112/jtopol/jtv028},
       URL = {http://dx.doi.org/10.1112/jtopol/jtv028},
}

@incollection {TT,
    AUTHOR = {Tamarkin, Dmitri and Tsygan, Boris},
     TITLE = {The ring of differential operators on forms in noncommutative
              calculus},
 BOOKTITLE = {Graphs and patterns in mathematics and theoretical physics},
    SERIES = {Proc. Sympos. Pure Math.},
    VOLUME = {73},
     PAGES = {105--131},
 PUBLISHER = {Amer. Math. Soc., Providence, RI},
      YEAR = {2005},
   MRCLASS = {16E45 (16S32 18D50 55S20)},
  MRNUMBER = {2131013},
MRREVIEWER = {Pasha Zusmanovich},
       DOI = {10.1090/pspum/073/2131013},
       URL = {https://doi-org.ezproxy.neu.edu/10.1090/pspum/073/2131013},
}

@article {LQ,
    AUTHOR = {Loday, Jean-Louis and Quillen, Daniel},
     TITLE = {Cyclic homology and the {L}ie algebra homology of matrices},
   JOURNAL = {Comment. Math. Helv.},
  FJOURNAL = {Commentarii Mathematici Helvetici},
    VOLUME = {59},
      YEAR = {1984},
    NUMBER = {4},
     PAGES = {569--591},
      ISSN = {0010-2571},
   MRCLASS = {17B56 (18F25 19D55 58G99)},
  MRNUMBER = {780077},
MRREVIEWER = {Marie-Paule Malliavin},
       DOI = {10.1007/BF02566367},
       URL = {https://doi-org.ezproxy.neu.edu/10.1007/BF02566367},
}

@book {Weibel,
    AUTHOR = {Weibel, Charles A.},
     TITLE = {An introduction to homological algebra},
    SERIES = {Cambridge Studies in Advanced Mathematics},
    VOLUME = {38},
 PUBLISHER = {Cambridge University Press, Cambridge},
      YEAR = {1994},
     PAGES = {xiv+450},
      ISBN = {0-521-43500-5; 0-521-55987-1},
   MRCLASS = {18-01 (16-01 17-01 20-01 55Uxx)},
  MRNUMBER = {1269324},
MRREVIEWER = {Kenneth A. Brown},
       DOI = {10.1017/CBO9781139644136},
       URL = {https://doi-org.ezproxy.neu.edu/10.1017/CBO9781139644136},
}
